2864 3953
1411 119 1496 150 vlu

247 253 436 310 proximo
476 264 586 293 anno
623 251 719 294 736
751 250 830 292 sibi
869 249 1041 292 eandem
1078 263 1217 293 curam
1254 252 1399 293 iterum
1436 251 1570 293 fuisse
1604 249 1903 300 demandatam,
1929 250 2069 306 itaque
2096 250 2260 294 videtur
2285 263 2443 294 ntorum
2472 252 2660 306 regimen

247 330 379 387 primo
427 330 468 371 in
505 342 652 371 annum
690 330 926 385 recepisse.
976 327 1050 370 sed
1095 341 1133 370 a.
1171 328 1268 371 736
1307 336 1344 370 et
1382 341 1528 371 rursus
1558 341 1596 370 a.
1636 327 1731 372 742
1775 328 1874 370 nihil
1912 324 2071 376 obstat,
2107 327 2326 383 quominus
2361 325 2581 371 credamus
2617 329 2658 371 in

247 406 570 464 quinquennium
617 404 696 448 hoc
743 404 920 449 officium
960 405 1148 459 Augusto
1185 407 1407 460 iniunctum
1447 405 1606 456 luisse,
1652 404 1725 448 sed
1764 411 1910 448 exacto
1948 404 2026 448 hoc
2058 403 2193 448 altero
2231 405 2533 461 quinquennio,
2579 406 2659 450 hoc

243 491 313 526 est
334 494 372 523 a.
414 480 509 523 748
558 494 698 522 curam
740 480 875 523 denuo
926 481 1005 522 sibi
1043 480 1223 524 oblatam
1265 484 1487 524 recusavit.
1540 480 1665 523 Levis
1702 483 1828 536 igitur
1864 480 2010 525 Dionis
2048 495 2179 529 error.
2216 483 2284 537 qui
2324 482 2494 538 primam
2531 482 2656 526 officii

248 559 370 603 buius
405 559 536 601 vicem
573 570 662 600 cum
698 557 895 605 secunda,
948 560 1067 600 cuius
1102 561 1268 602 omnino
1307 572 1387 602 non
1424 558 1522 601 facit
1557 560 1823 608 mentionem,
1877 557 2084 609 confudit;
2129 555 2355 601 Suetonius
2397 565 2531 601 autem
2566 572 2657 603 cum

249 651 405 682 morum
440 634 663 691 legumque
694 636 879 688 regimen
916 642 1153 690 perpe-tuum
1190 635 1321 679 tuisse
1359 636 1467 683 dicit,
1506 636 1687 679 fortasse
1722 636 1762 677 in
1800 635 1907 678 bunc
1943 648 2126 679 errorem
2159 633 2312 685 incidit,
2350 635 2460 692 quod
2495 647 2531 678 a.
2562 636 2656 679 735

245 715 412 769 rogatio
456 713 497 754 in
546 711 651 754 lianc
706 712 973 760 sententiam,
1029 719 1068 753 ut
1115 712 1299 757 videtur.
1344 712 1453 755 facta
1501 713 1586 758 est'.
1635 710 1708 753 sed
1750 712 1960 766 Augustus
1997 710 2154 754 callida
2189 710 2392 754 modestia
2438 724 2515 754 sua
2554 724 2656 755 usus

247 791 470 834 recusavit.

382 864 550 909 Accedo
590 863 642 907 ad
681 864 806 907 alium
845 864 979 907 locum
1021 863 1090 906 lat.
1131 862 1179 906 ΙΙ.
1222 865 1303 907 Ι2;

654 935 838 997 Legibus
877 939 1014 999 novi[s
1052 940 1145 984 latis
1184 949 1220 984 et
1266 941 1409 984 reduxi
1462 942 1587 985 inulta
1632 940 1841 1000 e[xempla
1892 942 2088 985 maiorum
2139 937 2442 999 eJKolescentia
2483 944 2563 985 iam
2614 943 2655 985 in

358 1080 360 1082 Ι
494 1072 497 1075 ᾖ
602 1005 609 1011 “
652 1017 814 1077 nost[ra
851 1021 1015 1061 civitate
1052 1026 1088 1061 et
1127 1020 1214 1075 ipse
1252 1018 1467 1077 proposui]
1508 1019 1722 1062 multarum
1759 1017 1912 1076 rer[um
1951 1017 2158 1076 exc]mpla
2193 1018 2387 1063 imitanda
2427 1021 2619 1077 posteris.

249 1104 304 1146 ita
341 1101 444 1144 haec
483 1100 691 1143 constituit
728 1096 1024 1144 Mommsenus.
1065 1096 1228 1138 adiutus
1267 1109 1422 1152 graeca
1458 1100 1806 1156 interpretatione,
1841 1111 1948 1154 quae
1984 1100 2146 1153 integra
2178 1106 2345 1142 servata·
2381 1107 2466 1142 est:
2518 1096 2655 1141 εἰσα-

247 1178 399 1232 γαγών
430 1176 612 1222 καινούς
648 1174 811 1227 νόμους
851 1173 1000 1215 πολλὰ
1041 1171 1120 1227 ἤδη
1154 1170 1245 1215 τῶν
1281 1172 1479 1229 ἀρχαίων
1515 1172 1641 1217 ἒθῶν
1673 1174 1990 1228 καταλυόμενα
2026 1174 2364 1231 διωρθωσάμην
2399 1180 2472 1218 καὶ
2519 1173 2655 1225 αὐτὸς

251 1252 438 1300 πολλῶν
474 1252 755 1311 πραγμάτων
791 1253 969 1307 μίμημα
1003 1249 1201 1305 ἐμαυτὸν
1237 1256 1328 1299 τοῖς
1365 1255 1609 1306 μετέπειτα
1647 1252 1903 1309 παρέδωκα,
1941 1255 2019 1296 nisi
2056 1253 2163 1311 quod
2205 1250 2656 1309 ἄνωρθωσάμην

250 1335 439 1380 scribere
477 1333 635 1382 malim,
674 1345 764 1374 nam
801 1335 893 1372 AN
925 1339 962 1374 et
999 1334 1064 1371 ΔΙ
1110 1334 1277 1388 saepius
1327 1332 1515 1373 consnsa.
1587 1331 1671 1373 Nec
1720 1345 1821 1373 vero
1876 1332 2002 1373 latina
2038 1333 2205 1387 graecis
2244 1334 2345 1374 satis
2384 1335 2656 1376 conveniunt:

249 1411 475 1456 secundum
513 1424 710 1465 graecum
748 1411 1007 1466 interpretem
1045 1411 1254 1464 Augustus
1292 1411 1494 1460 insignem
1534 1411 1596 1451 sui
1634 1409 1919 1452 confidentiam
1966 1421 2065 1465 prae
2102 1422 2148 1452 se
2185 1410 2285 1458 sert,
2338 1409 2445 1467 apud
2482 1410 2656 1454 Momm-

249 1502 393 1533 senum
440 1489 628 1530 oratione
683 1484 869 1528 modesta
923 1494 962 1528 et
997 1485 1120 1528 valde
1157 1486 1351 1540 ambigua
1399 1488 1545 1528 utitur:
1598 1493 1719 1542 atque
1765 1487 1854 1542 ipse
1893 1484 2171 1528 Mommsenus
2210 1486 2336 1541 longe
2371 1486 2496 1529 aliter
2527 1487 2656 1530 verba

246 1567 397 1617 latina,
445 1563 785 1622 quemadmodum
832 1564 1089 1614 instauravit,
1138 1565 1425 1621 interpretatus
1463 1570 1540 1615 est,
1573 1576 1691 1621 quam
1731 1576 1912 1619 graccus
1952 1562 2271 1621 metaphrastes:
2323 1576 2415 1607 nam
2453 1566 2657 1608 existimat

245 1644 353 1689 bunc
403 1643 541 1688 locum
592 1641 797 1685 illustrari
840 1639 1028 1685 Suetonii
1079 1642 1314 1685 testimonio
1358 1643 1427 1684 vit.
1475 1642 1577 1697 Aug.
1617 1654 1650 1684 c.
1685 1640 1773 1685 89:
1834 1642 1899 1692 „in
1944 1640 2189 1685 evolvendis
2237 1643 2449 1700 utriusque
2486 1642 2655 1699 linguae

244 1721 489 1767 auctoribus
527 1719 628 1764 nihil
663 1733 796 1777 aeque
848 1718 1109 1770 sectabatur,
1158 1732 1278 1776 quam
1325 1726 1545 1777 praecepta
1590 1725 1627 1762 et
1675 1718 1861 1777 exempla
1909 1719 2073 1778 publice
2118 1719 2182 1763 vel
2221 1721 2405 1778 privatim
2453 1720 2655 1773 salubria,

245 1814 380 1858 eaque
416 1799 468 1843 ad
506 1799 675 1843 verbum
715 1805 908 1856 excerpta
946 1806 1014 1841 aut
1050 1796 1101 1841 ad
1146 1797 1397 1842 domesticos
1442 1806 1509 1841 aut
1550 1797 1599 1841 ad
1650 1799 1900 1842 exercituum
1947 1799 2332 1858 provinciarumque
2368 1807 2551 1843 rectores
2587 1807 2656 1844 aut

243 1877 298 1923 ad
333 1877 450 1922 urbis
489 1877 755 1933 magistratus
792 1876 1033 1934 plerumque
1072 1877 1264 1928 mittebat,
1315 1884 1432 1935 prout
1481 1878 1633 1935 quique
1687 1876 1909 1922 monitione
1954 1877 2227 1934 indigerent.“
2296 1887 2335 1923 at
2367 1877 2540 1923 levioris
2576 1878 2654 1924 hoc

245 1957 451 2006 momenti,
486 1968 621 2011 neque
653 1953 880 1997 verisimile
903 1956 1131 2010 Augustum
1170 1953 1208 1997 id
1247 1954 1324 1999 hoc
1364 1956 1458 2000 loco
1485 1957 1761 2012 significasse.
1797 1958 1935 2015 itaque
1965 1956 2283 2014 diligentissime
2307 1959 2485 2014 vestigia
2509 1959 2654 2015 graeci

243 2035 480 2090 interpretis
523 2032 682 2088 legens,
712 2032 818 2076 hunc
858 2032 994 2076 locum
1033 2035 1087 2076 ita
1119 2033 1456 2078 conformandum
1495 2049 1674 2079 censeo:

650 2107 836 2164 Legibus
874 2107 1014 2166 novi[s
1053 2110 1192 2154 latis
1248 2126 1283 2155 m
1302 2111 1418 2156 ulta
1456 2115 1725 2158 renovavi
1776 2112 1981 2171 e]xempla
2024 2117 2222 2160 maiorum
2260 2115 2541 2160 exolescentia
2574 2118 2652 2161 iam

655 2202 702 2231 ex
760 2185 921 2246 nost[ra
974 2190 1228 2238 civitate,
1281 2198 1327 2233 et
1384 2192 1502 2249 ipse
1560 2190 1621 2234 de
1666 2189 1768 2249 me]
1816 2191 2029 2236 multarum
2068 2207 2202 2238 rerum
2240 2192 2430 2252 exempla
2460 2193 2654 2238 imitanda

648 2265 900 2324 pos[teris
938 2265 1185 2325 tradidi]

374 2345 573 2403 Sequitur
608 2347 801 2388 continuo
838 2345 957 2388 locus
991 2347 1177 2400 graviter
1213 2346 1446 2389 mutilatus:

651 2420 748 2481 [Pro
785 2421 1022 2465 valetudine
1059 2436 1149 2465 mea
1187 2423 1327 2479 quinto
1366 2437 1530 2480 quoque
1566 2438 1673 2468 anno
1715 2438 1788 2482 per
1826 2424 2042 2484 consu]les
2087 2432 2124 2468 et
2166 2425 2407 2470 sacerdotes
2462 2425 2522 2485 [ut
2558 2436 2656 2472 vota

649 2503 982 2558 susciperentur,
1031 2510 1199 2543 senatus
1250 2501 1445 2543 decrevit.
1517 2501 1575 2543 Ex
1622 2501 1788 2560 quibus]
1845 2506 1947 2545 votis
1995 2502 2158 2562 s[aepe]
2202 2504 2386 2547 fecerunt
2437 2507 2530 2548 vivo
2572 2503 2654 2563 [me

648 2579 771 2622 ludos
810 2611 1249 2622 ..........
1288 2578 1410 2621 modo
1448 2578 1729 2636 sacerdotum
1768 2588 1960 2635 quattuor
1995 2581 2251 2637 amplissima
2290 2580 2495 2639 colle[gia
2532 2583 2652 2625 modo

646 2657 845 2700 consules
884 2689 1175 2700 .......

159 2777 162 2780 .
236 2737 534 2796 Snpplementa
570 2737 675 2781 haec
705 2747 861 2790 graeca
890 2736 1224 2791 interpretatione
1256 2736 1445 2776 nituntur.
1485 2732 1557 2774 sed
1598 2732 1758 2789 reliqua
1798 2746 1926 2786 aegre
1961 2735 2000 2775 in
2037 2735 2237 2789 integrum
2277 2736 2435 2777 restitui
2469 2742 2653 2792 possunt,

237 2814 571 2874 quandoquidem
610 2813 685 2856 illa
733 2813 1014 2869 interpretatio
1058 2811 1136 2854 boc
1186 2811 1280 2854 loco
1323 2813 1362 2852 in
1401 2819 1555 2853 arctum
1595 2810 1764 2853 redacta
1812 2811 1910 2852 nibil
1951 2811 2179 2868 suppeditat
2231 2814 2335 2854 nisi:
2385 2810 2433 2853 ἐκ
2479 2811 2653 2854 τούτων

239 2890 331 2936 τῶν
365 2888 508 2946 εὖχῶν
546 2888 815 2936 πλειστάκις
849 2887 1053 2939 ἐγένοντο
1090 2889 1211 2938 θέαι,
1242 2887 1345 2930 τότε
1374 2889 1454 2942 μὲν
1485 2890 1536 2930 ἐκ
1572 2885 1648 2941 τῆς
1684 2889 1929 2942 συναρχίας
1964 2885 2055 2929 τῶν
2089 2888 2324 2943 τεσσάρων
2347 2887 2504 2946 ἱερέων
2528 2890 2652 2947 (haec

236 2971 360 3016 homo
396 2983 578 3027 graecus
616 2981 829 3027 perperam
869 2970 1157 3024 interpretatus
1195 2975 1269 3013 est,
1306 2981 1473 3009 numero
1513 2967 1562 3008 ad
1604 2966 1860 3012 sacerdotes.
1913 2981 1992 3009 non
2030 2967 2080 3009 ad
2125 2968 2309 3024 collegia
2350 2968 2504 3026 relato)
2549 2967 2654 3011 τότε

238 3048 288 3093 δὲ
323 3043 415 3092 ὕπὸ
451 3044 541 3091 τῶν
577 3041 777 3090 ὕποίτων.
848 3046 1035 3102 Inprimis
1074 3046 1360 3088 emendatione
1400 3052 1495 3099 eget
1537 3043 1677 3090 Vivo.
1716 3044 1824 3101 quod
1863 3047 2038 3101 ineptum
2081 3058 2176 3087 esse
2215 3053 2327 3088 recte
2355 3046 2454 3089 vidit
2479 3046 2653 3089 Momm-

239 3139 381 3170 senus.
452 3124 583 3169 Solus
622 3124 810 3167 Perottus
854 3122 931 3164 hoc
979 3122 1228 3165 vocabulum
1269 3121 1406 3170 addit,
1459 3122 1641 3176 diligens
1681 3123 1756 3164 ille
1804 3122 1967 3177 quidem
2019 3135 2069 3164 ac
2123 3123 2312 3180 locuples
2362 3131 2530 3172 auctor,
2577 3123 2652 3165 sed

239 3204 366 3261 potuit
400 3204 437 3245 is
467 3214 635 3259 quoque
669 3200 781 3242 salsa
817 3194 958 3257 specie
997 3199 1145 3256 decipi.
1216 3198 1306 3255 Ego
1355 3199 1518 3255 quidem
1570 3199 1755 3241 mendum
1806 3198 2064 3241 manifestum
2103 3198 2185 3242 leni
2229 3207 2268 3242 et
2313 3199 2520 3257 probabili
2569 3213 2654 3242 me-

238 3280 336 3324 dela
372 3278 676 3337 procurandum
708 3290 805 3321 esse
842 3279 1051 3319 existimo:
