2864 3953
1421 216 1449 248 V

226 356 365 395 autem
395 350 499 393 baec
533 361 623 391 cum
659 361 684 390 a
713 361 870 403 graeca
906 338 1153 405 metaphrasi
1189 362 1395 406 suspensa
1425 349 1520 398 sint,
1554 347 1723 405 primum
1753 349 2034 394 examinemus
2073 361 2250 394 necesse
2277 357 2354 402 est,
2388 364 2506 408 quae
2529 351 2635 398 fides

229 426 474 473 Kirchhomi
510 426 762 470 coniecturis
793 425 845 468 sit
883 423 1098 474 habenda,
1133 426 1301 485 scripsit
1337 425 1444 469 enim
1480 423 1577 468 ille:
2520 456 2524 460 .

228 490 234 495 ⁸
633 495 699 560 [Ἡ
729 501 778 543 δὲ
815 498 968 560 α]δ[τὴ
1001 501 1119 561 ὲ]μοὶ
1153 493 1340 561 ἓδῖωκεν
1374 499 1512 556 ἀρχὴν
1547 501 1642 559 κα]ὶ
1674 501 1732 542 τὰ
1768 500 1966 554 δημόσια
2002 502 2261 558 πράγματα,
2297 504 2360 558 μή
2383 495 2636 566 abraami»

630 577 728 633 ὶμοὶ
761 579 896 638 pesco)
932 577 1023 621 τῶν
1051 575 1265 638 ὅπαΊῑων·
1289 584 1503 637 προνοεῖν
1536 576 1831 637 ἒπέτ[ρ]εψεν
1864 575 1963 622 ἀντὶ
1999 577 2254 636 στρατηγοῦ
2290 575 2334 639 [ἢ
2351 578 2630 643 σόγκλητος].

231 657 368 702 Prima
402 657 533 700 verba
570 670 659 699 cum
698 660 788 715 ipsa
827 671 906 700 non
945 659 1047 700 satis
1083 659 1297 702 commoda
1334 662 1437 708 sint,
1475 666 1555 701 tum
1592 671 1617 700 a
1647 658 1873 700 litterarum
1909 660 2101 713 vestigiis
2135 660 2298 702 nimium
2333 661 2553 711 recedunt,
2588 663 2630 705 in

230 733 369 793 lapide
397 736 502 778 enim
535 737 692 777 estOY
720 734 785 777 vel
815 737 902 785 ΩΥ,
937 737 1074 792 itaque
1102 731 1216 790 αὐτὴ
1242 749 1382 793 parum
1424 736 1608 778 veritatis
1642 735 1783 790 specie
1819 734 2140 785 commendatur,
2170 732 2319 797 συμβῇ
2351 745 2500 786 autem,
2531 737 2631 781 licet

211 813 334 868 ⁸scite
366 814 582 860 inventum,
622 824 794 869 prorsus
829 812 1077 855 adversatur
1113 814 1273 862 litteris,
1304 826 1474 869 quarum
1506 812 1684 868 vestigia
1717 813 1904 867 quamvis
1932 812 2108 854 evanida
2142 812 2244 854 baec
2281 814 2371 856 sere
2391 821 2630 872 comparent

226 892 619 938 MHTIIAAPHI‚
654 890 790 946 itaque
824 891 954 946 prima
989 897 1101 932 certe
1138 890 1273 931 littera
1311 890 1426 932 verbi
1467 889 1576 945 quod
1612 888 1875 930 desideratur
1910 902 1991 931 non
2028 889 2169 932 fuitE.
2224 890 2407 946 Denique
2444 893 2629 934 novissi-

229 982 333 1011 mum
369 967 615 1011 vocabulum
653 960 677 1018 ἢ
711 964 954 1020 σύγκλητος
990 966 1112 1024 plane
1144 966 1382 1014 molestum
1414 966 1523 1023 quod
1561 968 1595 1008 si
1631 968 1670 1007 in
1710 965 1816 1007 libro
1845 965 2067 1020 legeretur,
2105 969 2386 1025 unusquisque
2421 976 2626 1025 tamquam

228 1044 389 1088 librarii
427 1044 569 1088 inutile
600 1044 914 1087 additamentum
951 1043 1262 1101 expungendum
1300 1058 1397 1086 esse
1430 1050 1633 1086 censeret.
1701 1041 1782 1084 lam
1821 1056 1900 1085 non
1935 1042 2088 1093 dubito,
2124 1046 2220 1101 quin
2259 1047 2298 1087 in
2332 1046 2467 1089 altero
2499 1059 2628 1090 versu

222 1123 268 1166 in
304 1122 528 1166 litterarum
566 1120 754 1178 reliquiis
790 1123 1195 1164 MHTIBAABHI
1234 1121 1473 1168 delitescat,
1520 1129 1642 1177 atque
1690 1121 1769 1162 iam
1817 1119 1939 1176 plana
1977 1129 2039 1162 est
2074 1121 2292 1164 verborum
2338 1124 2628 1175 conformatio,

224 1214 334 1258 quae
370 1199 477 1258 apud
511 1198 806 1244 Kirchhoflium
843 1201 944 1243 satis
982 1207 1044 1243 est
1072 1199 1275 1258 impedita.
1347 1197 1481 1242 Totus
1520 1205 1652 1241 autem
1689 1198 1807 1240 locus
1838 1199 1893 1238 ita
1929 1198 2090 1240 videtur
2125 1200 2494 1256 redintegrandus:

629 1274 760 1320 Μετ’
789 1275 853 1318 οὔ
883 1277 1123 1331 notatum
1145 1275 1369 1318 ἔδωκεν
1403 1273 1597 1330 ἀρχήν,
1619 1279 1689 1316 καὶ
1712 1276 1769 1317 τᾶ
1795 1274 1990 1327 δημόσια
2008 1275 2264 1331 πράγματα,
2282 1278 2403 1333 μήτι
2425 1276 2628 1340 βλαβῇ,

627 1354 740 1409 μετὰ
779 1352 869 1396 τῶν
904 1350 1091 1397 ὑπάτων
1123 1359 1337 1411 προνοεῖν
1371 1354 1623 1411 ἐπέτρεψεν
1655 1352 1752 1395 ἀντὶ
1787 1351 2040 1406 στρατηγοῦ
2077 1352 2489 1404 ἑξαπελέκεως.

227 1431 314 1475 Iam
353 1433 478 1474 latina
509 1446 671 1488 quoque
708 1433 979 1489 probabiliter
1013 1435 1231 1475 restituere
1268 1434 1363 1475 licet
1402 1436 1439 1474 in
1470 1433 1576 1475 hunc
1612 1433 1797 1475 modum:

629 1509 736 1551 Non
794 1512 866 1551 ita
919 1511 1083 1552 multo
1122 1518 1243 1566 post
1290 1511 1500 1567 imperium
1540 1509 1633 1551 mihi
1667 1509 1804 1556 dedit,
1853 1518 1908 1549 et
1958 1508 2196 1565 respublica
2223 1523 2275 1551 ne
2310 1508 2407 1565 quid
2444 1508 2625 1553 detri-

629 1588 790 1629 menti
831 1595 1084 1644 caperet,
1120 1601 1196 1630 me
1227 1601 1300 1644 pro
1337 1596 1527 1644 praetore
1563 1585 1683 1629 simul
1715 1599 1804 1628 cum
1832 1585 2076 1629 consulibus
2111 1586 2407 1643 providere
2443 1588 2627 1630 iussit.

228 1664 324 1708 Post
362 1664 510 1706 dedit
548 1666 701 1705 inserui
741 1672 809 1713 et,
864 1664 971 1720 quod
1013 1666 1052 1706 iu
1084 1672 1264 1707 extremo
1297 1677 1420 1707 versu
1466 1663 1591 1705 facile
1627 1662 1856 1705 oblitterari
1906 1662 1970 1704 vel
2011 1676 2033 1705 a
2084 1663 2417 1707 describentibus
2465 1664 2625 1720 negligi

227 1743 375 1801 potuit:
411 1742 600 1799 copulam
638 1749 675 1784 et
709 1743 888 1784 instituta
926 1743 1126 1784 sententia
1163 1740 1284 1799 plane
1318 1740 1474 1797 flagitat
1512 1748 1549 1784 et
1583 1729 1739 1795 graeca
1773 1741 2051 1797 interpretatio
2077 1739 2310 1791 confirmat3
2345 1754 2437 1784 nam
2476 1741 2619 1785 eadem

225 1834 352 1877 opera
390 1828 557 1862 senatus
589 1820 775 1873 Augusto
814 1822 1022 1875 imperium
1060 1820 1170 1861 dedit
1192 1828 1230 1861 et
1265 1833 1430 1876 operam
1453 1819 1553 1863 dare
1572 1819 1704 1867 iussit,
1743 1832 1792 1861 ne
1814 1817 2049 1874 respublica
2070 1818 2165 1874 quid
2186 1818 2415 1862 detrimenti
2446 1827 2627 1877 caperet.

226 1897 382 1939 Deinde
419 1910 509 1953 pro
531 1897 722 1938 videre
759 1898 925 1954 scripsi,
963 1897 1093 1938 lenem
1126 1896 1325 1938 adhibens
1364 1896 1564 1938 medelam
1601 1895 1863 1953 apographis
1898 1896 1936 1936 in
1965 1895 2114 1950 quibus
2150 1903 2213 1938 est
2246 1895 2320 1938 tR.
2368 1895 2480 1940 Sane
2516 1896 2625 1940 alias

226 1973 292 2016 vel
329 1973 521 2016 videre
575 1973 638 2015 vel
691 1986 908 2029 operam
960 1973 1092 2016 dare
1139 1986 1187 2015 ea
1226 1972 1277 2016 de
1314 1986 1359 2016 re
1391 1973 1563 2023 dicitur,
1611 1978 1651 2014 at
1686 1986 1767 2015 non
1805 1974 1935 2014 minus
1972 1971 2226 2014 commodum
2267 1973 2625 2030 providere,

226 2050 347 2106 idque
384 2052 513 2105 ipsum
551 2063 729 2101 graecus
767 2053 969 2105 interpres
1015 2052 1163 2106 opinor
1211 2049 1323 2104 legit,
1373 2050 1439 2105 qui
1479 2052 1692 2105 προνοεῖν
1729 2050 1907 2106 scripsit.
1981 2048 2155 2092 Carmen
2192 2048 2388 2100 solenne,
2435 2050 2544 2107 quod
2581 2051 2623 2093 in

223 2141 379 2182 graeco
416 2128 568 2183 pariter
608 2134 729 2182 atque
767 2127 803 2168 in
844 2126 969 2169 latino
1007 2126 1193 2182 exemplo
1229 2128 1483 2183 recuperavi,
1519 2128 1638 2170 etiam
1659 2126 1942 2170 Mommsenus
1966 2128 2200 2183 suspicatus
2233 2133 2297 2168 est
2328 2126 2622 2169 restituendum

225 2219 334 2252 esse.
372 2204 452 2247 sed
484 2202 591 2259 quod
630 2203 861 2246 dubitanter
894 2202 1123 2260 supplevit:

637 2280 718 2324 Res
756 2280 932 2337 publica,
971 2294 1020 2322 ne
1057 2279 1151 2342 quid
1189 2280 1416 2324 detrimenti
1454 2287 1632 2338 caperet,
1670 2294 1732 2323 me
1765 2293 1838 2337 pro
1877 2288 2068 2336 praetore
2106 2280 2231 2322 simul
2266 2295 2356 2323 cum
2376 2281 2621 2325 consulibus

633 2360 692 2401 ire
726 2359 775 2401 ad
813 2360 1032 2401 exercitum
1065 2360 1185 2400 iussit
1220 2365 1399 2400 senatus.
1505 2344 1507 2346 ¹

224 2435 530 2490 improbandum
569 2438 757 2478 omnino:
805 2438 859 2478 ita
897 2438 999 2478 enim
1035 2439 1211 2493 potentia
1249 2436 1345 2482 itta,
1395 2449 1501 2491 quae
1539 2436 1739 2478 latissime
1776 2434 1948 2492 patebat.
1979 2436 2225 2478 arctissimis
2261 2435 2407 2478 finibus
2445 2439 2623 2483 circum-

224 2513 377 2567 scripta
414 2512 572 2555 suisset.
643 2513 829 2557 Ceterum
869 2513 1099 2556 decreta
1136 2521 1365 2556 senatus
1401 2513 1753 2563 honorifica,
1789 2514 2141 2569 quae‘Augustus
2176 2512 2276 2555 dixit
2315 2526 2468 2569 supra,
2498 2515 2621 2556 etiam

223 2588 272 2632 ad
311 2588 387 2631 hoc
425 2591 552 2647 ipsum
591 2589 665 2633 SC
704 2598 900 2648 spectant,
937 2591 1043 2647 quod
1081 2605 1227 2634 moneo
1265 2599 1431 2648 propter
1464 2590 1774 2633 Mommsenum.

359 2666 447 2717 Non
486 2681 652 2723 possum
692 2669 855 2710 silentio
893 2671 1217 2724 praetermittere
1251 2667 1375 2710 alium
1416 2668 1549 2710 locum
1588 2668 1657 2709 lat.
1698 2666 1724 2709 l.
1770 2668 1837 2716 16,
1869 2680 2111 2723 quamquam
2152 2669 2354 2710 restitutio
2390 2669 2572 2711 incerta:

623 2744 759 2786 Millia
797 2746 942 2787 civium
982 2742 1276 2801 Roma[norum
1314 2743 1371 2801 in]
1411 2752 1668 2786 sacramento
1708 2757 1795 2785 meo
1834 2744 1996 2785 fuerunt
2032 2745 2199 2786 circiter
2233 2775 2433 2786 .....
2471 2752 2533 2794 ta.
2571 2757 2624 2788 ex

635 2823 783 2877 quibus
816 2821 985 2878 ‹ledu[xi
1042 2824 1080 2862 in
1134 2820 1343 2878 coloni]as
1390 2830 1458 2863 aut
1504 2822 1642 2863 remisi
1693 2823 1731 2861 in
1770 2823 1988 2877 municipia
2037 2834 2113 2862 sua
2149 2819 2372 2877 stipen[dis
2421 2821 2624 2880 emeri]tis

625 2899 753 2941 millia
789 2899 999 2955 aliquanto
1038 2897 1148 2955 [plus
1183 2897 1321 2955 qu]am
1353 2905 1550 2939 trecenta.

222 2975 441 3018 Numerum
481 2976 660 3024 militum,
698 2978 765 3032 qui
806 2979 844 3017 in
877 2976 1002 3017 verba
1040 2977 1212 3028 Augusti
1246 2977 1504 3026 iuraverunt,
1547 2977 1722 3031 periisse
1758 2975 1878 3016 valde
1914 2974 2159 3017 dolendum:
2197 2974 2481 3019 Mommsenus
2517 2976 2626 3021 Gro-

222 3054 333 3095 novii
370 3054 691 3110 supplementum
729 3057 1041 3108 quingenta
1088 3046 1314 3094 rationibus
1364 3052 1651 3094 commendare
1689 3054 1882 3101 instituit,
1931 3060 1968 3093 et
2019 3066 2108 3094 cum
2143 3052 2244 3096 CCC
2281 3051 2411 3096 millia
2454 3053 2623 3097 militum

221 3128 432 3171 honestam
471 3132 708 3173 missionem
747 3133 963 3186 accepisse
1001 3130 1215 3178 dicautur,
1262 3129 1337 3170 sub
1378 3130 1549 3183 Augusti
1596 3137 1728 3171 autem
1762 3137 1930 3172 mortem
1979 3129 2072 3185 plus
2108 3143 2229 3186 quam
2267 3128 2335 3172 CL
2380 3130 2511 3173 millia
2547 3130 2625 3174 sub

223 3207 356 3258 signis
386 3199 552 3254 suerint,
589 3206 683 3249 inde
715 3206 874 3250 conficit
910 3204 941 3248 L
965 3205 1093 3249 millia
1131 3205 1194 3248 vel
1231 3206 1269 3246 in
1309 3204 1421 3248 bello
1454 3204 1673 3253 cecidisse,
1711 3205 1775 3248 vel
1815 3207 1852 3248 in
1888 3205 2031 3249 militia
2057 3206 2164 3250 diem
2191 3220 2424 3265 supremum
2452 3208 2625 3258 obiisse,

222 3282 289 3323 vel
326 3282 503 3337 denique
536 3297 625 3325 cum
664 3285 887 3337 ignominia
928 3284 1078 3325 missos
1115 3295 1236 3324 csse:
1294 3280 1385 3324 mihi
1425 3281 1585 3337 quidem
1625 3282 1689 3324 hic
1739 3295 1932 3326 numerus
1972 3284 2092 3326 nimis
2137 3269 2316 3340 exiguus
2356 3284 2527 3334 videtur,
2558 3297 2626 3327 re·

223 3348 374 3415 putanti
428 3359 603 3415 plurima
650 3368 689 3403 et
734 3363 984 3414 gravissima
1034 3357 1175 3405 bella.
1222 3371 1330 3416 quae
1367 3360 1552 3415 Augusto
1597 3360 1820 3417 imperante
1866 3360 2042 3418 populus
2091 3359 2298 3405 Romanus
2346 3373 2472 3420 saepe
2516 3360 2627 3403 baud
