2864 3953
710 184 715 194 =
1463 177 1471 189 v
1651 176 1667 197 a.

217 192 240 218 ρ
1446 177 1464 205 ἵ
1478 177 1490 206 Ι
1660 209 1680 244 'ss

244 319 447 364 prospere
483 307 642 360 gessit,
687 307 741 349 ita
786 313 828 348 nt
864 304 991 349 multo
1026 304 1171 364 plures
1206 304 1358 349 milites
1389 306 1457 349 vel
1486 306 1600 350 ferro
1632 305 1698 349 vel
1737 305 1892 348 morbis
1938 319 1987 349 ac
2023 305 2238 349 laboribus
2273 306 2486 349 absumtos
2522 309 2663 351 fuisse

247 392 567 445 consentaneum
608 385 683 426 sit:
726 397 861 440 neque
894 396 1052 432 eorum,
1085 383 1153 440 qui
1193 381 1367 426 honesta
1403 384 1603 427 missione
1633 396 1714 427 non
1750 382 1905 438 dignati
1945 390 2061 432 sunt,
2110 385 2287 438 exiguus
2323 383 2455 427 fuisst=
2492 383 2665 427 videtur

244 473 455 506 numerus.
514 459 664 503 Procul
694 468 828 504 autem
865 459 1056 504 habenda
1091 467 1154 504 est
1184 461 1390 517 suspicio.
1428 462 1680 516 Augustum,
1727 467 1766 503 ut
1805 461 1962 517 imperii
2000 462 2063 503 sui
2091 460 2330 504 felicitatem
2366 469 2659 519 exaggeraret,

247 539 444 582 scientem
480 537 579 582 dolo
617 538 727 582 malo
762 552 960 582 numeros
996 536 1316 582 adulteravisse.
1385 535 1561 582 Omnino
1598 546 1731 582 autem
1770 539 1803 580 si
1843 539 1935 596 quis
1971 537 2076 581 haec
2111 537 2161 581 ad
2202 540 2335 582 iustos
2371 538 2563 582 calculos
2586 552 2657 582 re·

245 627 401 658 vocare
430 614 545 665 vetit,
578 615 907 670 investigandum
939 617 1028 664 erit,
1064 623 1163 672 quot
1191 615 1342 657 milites
1380 615 1559 670 singulis
1595 617 1713 658 aunis
1752 615 1892 658 dilecti
1931 616 2105 658 fuerint:
2140 630 2259 672 quem
2291 630 2500 659 numerum
2532 616 2659 659 valde

244 693 476 735 variavisse
513 706 587 749 pro
625 706 670 735 re
706 700 799 736 nata
835 700 1158 737 consentaneum
1205 700 1289 735 est:
1334 693 1518 750 inprimis
1551 700 1683 735 autem
1720 693 1958 743 tenendum,
2013 695 2260 743 exercitum,
2314 707 2432 750 quem
2471 694 2655 754 moriens

245 769 456 823 Angustus
494 767 668 812 Tiberio
702 769 883 818 tradidit,
919 778 1065 828 pacato
1102 770 1204 814 orbe
1239 778 1440 813 terrarum
1481 769 1692 826 aliquanto
1730 772 1924 813 minorem
1962 771 2093 813 fuisse
2130 784 2249 826 quam
2286 773 2426 828 priore
2455 778 2655 828 tempore.

246 845 314 888 nbi
351 847 939 901 gravissimorum-bellorum
977 847 1217 890 discrimina
1266 855 1381 890 erant
1418 847 1644 889 subeunda.
1741 847 1924 903 Denique
1974 847 2283 904 comprehendit
2330 848 2433 890 baec
2482 861 2653 897 summa,

245 935 364 978 quam
401 921 604 977 indagare
641 923 876 984 studemus,
922 925 1041 966 etiam
1079 936 1154 966 eos
1188 922 1367 968 milites.
1421 925 1488 979 qui
1540 924 1605 965 ubi
1647 926 1814 980 primum
1854 923 2106 966 Octavianus
2143 926 2365 966 exercitum
2402 925 2658 980 comparavit

243 999 284 1040 in
329 1000 420 1041 eius
470 999 600 1041 verba
651 1001 905 1058 iuraverunt.
979 999 1119 1053 ltaque
1166 1000 1271 1042 baud
1321 1002 1409 1041 scio
1458 1013 1508 1040 au
1559 999 1743 1041 millia
1793 1002 2032 1042 circiter
2075 1008 2342 1043 sescenta
2388 1000 2652 1042 scribendum

245 1075 312 1126 sit,
347 1082 388 1118 ut
422 1083 568 1131 quarta
607 1076 696 1118 sere
734 1076 902 1118 militum
942 1089 1039 1133 pars
1077 1078 1102 1117 i.
1142 1089 1177 1118 e.
1211 1076 1340 1117 millia
1379 1075 1446 1118 CL
1482 1077 1546 1117 vel
1588 1077 1701 1117 ferro
1739 1077 1919 1118 absumti
1962 1079 2042 1117 siut
2080 1076 2143 1117 vel
2183 1076 2259 1117 sub
2278 1076 2445 1117 vexillis
2484 1084 2654 1118 mortem

243 1151 445 1201 obierint,
487 1153 553 1196 vel
591 1155 682 1197 sine
720 1155 914 1210 praemiis
955 1154 1084 1196 missi.
1154 1151 1374 1195 Nonnullis
1422 1153 1604 1196 fortasse
1652 1156 1771 1195 etiam
1823 1153 1888 1195 bic
1926 1167 2117 1194 uumerus
2155 1167 2233 1194 uon
2266 1153 2520 1201 satisfaciet,
2577 1152 2651 1194 sed

242 1227 461 1286 quominus
498 1231 868 1287 septingenta
904 1230 969 1273 vel
1020 1231 1350 1285 octingenta
1402 1230 1630 1284 scribatur,
1683 1232 1839 1271 arctius
1887 1233 2059 1285 spatium
2107 1230 2316 1286 probibet,
2366 1237 2654 1284 nongenta

242 1312 389 1356 autem,
427 1307 536 1362 quod
575 1307 726 1348 hiatum
760 1306 972 1348 commode
1010 1306 1158 1362 explet,
1196 1306 1313 1347 fidem
1351 1308 1514 1347 omnino
1553 1305 1716 1348 videtur
1752 1306 1967 1348 excedere.
2117 1358 2121 1363 Ι

371 1382 488 1435 Quae
526 1385 847 1440 subsequuntur,
884 1397 993 1439 nego
1033 1397 1056 1425 a
1094 1382 1352 1425 Mommseno
1391 1390 1501 1425 recte
1533 1383 1733 1425 adornata
1771 1396 1881 1429 esse,
1916 1383 1982 1438 qui
2025 1384 2216 1439 scripsit:

643 1459 701 1503 Ex
738 1460 888 1516 quibus
926 1458 1097 1517 dedu[xi
1136 1461 1175 1501 in
1216 1458 1424 1516 coloni]as
1462 1468 1530 1503 aut
1567 1461 1705 1502 remisi
1748 1461 1786 1501 in
1824 1461 2041 1516 municipia
2083 1473 2159 1501 sua
2194 1460 2416 1518 stipen[dis
2450 1459 2653 1517 emerthis

643 1537 775 1579 millia
810 1536 1044 1593 aliquant[o
1079 1537 1173 1594 plus
1210 1536 1348 1593 unam
1388 1544 1592 1583 trecenta,
1629 1545 1666 1578 et
1699 1538 1748 1579 iis
1783 1537 1971 1579 omuibus
2008 1549 2137 1591 agros
2177 1551 2200 1579 a
2238 1537 2317 1594 [me
2358 1536 2537 1594 emptos]
2585 1544 2654 1579 aut

649 1616 862 1671 pecuniam
899 1628 972 1672 pro
1009 1611 1208 1672 pr[aediis
1239 1611 1279 1671 a]
1317 1627 1379 1655 me
1417 1613 1523 1656 dedi.

239 1695 292 1739 At
327 1707 429 1738 vero
465 1694 679 1748 Augustus
717 1705 797 1735 non
836 1705 885 1735 ex
923 1694 1012 1734 suis
1053 1690 1200 1749 opibus
1235 1704 1364 1746 agros
1415 1692 1508 1732 emit
1543 1698 1611 1733 aut
1648 1693 1857 1747 pecuniam
1897 1703 1972 1733 sua
2013 1693 2194 1747 impensa
2236 1690 2433 1733 militibus
2472 1693 2538 1747 qui
2580 1694 2652 1734 sti-

240 1771 391 1830 pendia
425 1776 688 1814 emeruerunt
724 1769 949 1826 persolvit,
992 1771 1129 1825 itaque
1177 1768 1292 1810 nullo
1341 1776 1460 1824 pacto
1508 1769 1586 1809 ista
1626 1768 1907 1824 supplementa
1953 1770 2051 1809 ferri
2100 1776 2296 1824 possunt:
2350 1767 2443 1810 mibi
2484 1769 2648 1825 quidem

240 1848 453 1904 Augustus
490 1848 715 1904 scripsisse
753 1846 935 1888 videtur.-

646 1930 685 1967 et
738 1922 1032 1966 iis'omnibus
1093 1935 1220 1979 agros
1276 1920 1632 1979 a[dsignavi]
1699 1931 1767 1963 aut
1819 1924 2032 1978 pecuniam
2087 1935 2160 1977 pro
2216 1918 2493 1977 pr[aemis
2554 1925 2652 1965 mi-

643 1999 841 2058 lit]iae
879 2000 988 2042 dedi.

242 2080 406 2126 Certum
444 2087 507 2124 est
535 2078 869 2135 adsignavi,
907 2078 1062 2135 sprevit
1100 2084 1232 2119 tamen
1263 2075 1558 2123 Mommsenus,
1595 2076 1662 2131 qui
1703 2075 1810 2131 quod
1849 2089 1964 2118 suum
1997 2076 2320 2131 supplementum
2360 2075 2515 2118 collato
2552 2075 2649 2120 loco

241 2160 285 2211 3,
322 2160 383 2203 22
417 2155 696 2203 commendari
733 2155 842 2200 dicit.
896 2154 1117 2197 dissimilia
1156 2167 1328 2211 prorsus
1367 2155 1634 2209 comparavit.
1706 2152 1862 2195 Deinde
1902 2153 2134 2195 dubitanter
2166 2155 2314 2210 scripsi
2352 2167 2446 2209 pro
2486 2167 2654 2209 prae.-

240 2234 368 2296 mi]s
408 2235 700 2281 militiae,
755 2245 845 2275 nam
886 2234 925 2274 in
958 2232 1097 2289 lapide
1135 2233 1296 2273 videtur
1333 2231 1410 2293 ME
1451 2232 1562 2284 legi,
1611 2230 1901 2290 solus-Lucas
1941 2229 2007 2272 ΑΕ
2044 2230 2230 2276 exhibet,
2279 2230 2350 2273 sed
2389 2231 2460 2273 fuit
2502 2233 2651 2287 opinor

239 2313 344 2358 ΙΑΕ.
412 2313 609 2357 Fortasse
642 2313 845 2354 existimet
896 2310 1050 2366 aliquis
1098 2311 1174 2351 mei
1227 2309 1498 2365 supplementi
1546 2322 1625 2350 nou
1667 2309 1770 2349 satis
1808 2321 1937 2363 capax
1975 2321 2071 2349 esse
2108 2310 2394 2354 interstitium,
2445 2307 2648 2364 siquidem

238 2405 386 2436 novem
421 2391 581 2434 litteras
617 2388 848 2431 desiderari
904 2394 1047 2430 censet
1099 2387 1402 2429 Mommsenus:
1448 2386 1522 2427 sed
1560 2386 1662 2426 baec
1706 2386 1809 2426 ratio
1847 2400 1987 2441 parum
2037 2393 2173 2431 certa.
2229 2386 2568 2441 quemadmodum
2607 2387 2648 2428 in

239 2471 426 2528 proximo
477 2480 602 2510 versu
649 2473 742 2508 octo
795 2466 953 2518 littera-s
1004 2464 1264 2505 oblitteratas
1319 2478 1415 2505 esse
1464 2464 1588 2512 dicit,
1648 2470 1686 2503 at
1744 2461 1966 2504 secuudum
2010 2462 2354 2519 supplementum,
2413 2464 2520 2518 quod
2560 2465 2650 2520 ipse

239 2546 524 2590 Mommsenus
560 2544 749 2602 probavit
800 2549 838 2583 et
884 2543 992 2583 omni
1044 2554 1091 2581 ex
1137 2548 1251 2596 parte
1289 2548 1444 2581 eertum
1483 2546 1569 2587 est,
1616 2552 1760 2581 novem
1807 2534 2041 2598 desuut21)
2114 2540 2248 2595 itaque
2286 2553 2374 2583 mea
2410 2541 2651 2583 coniectura

241 2636 322 2667 non
375 2630 439 2666 est
495 2621 727 2664 calumniae
784 2618 978 2660 obnoxia.
1059 2617 1309 2659 Praemia
1361 2617 1565 2658 finitae
1621 2615 1875 2657 militiae
1923 2613 2095 2658 Tacitus
2151 2615 2248 2658 dixit
2306 2616 2452 2660 Annal.
2506 2614 2534 2659 Ι.
2575 2617 2656 2666 26.

240 2698 497 2742 Structuram
547 2699 677 2754 ipsam
728 2708 780 2737 ne
830 2696 924 2750 quis
971 2707 996 2735 a
1047 2693 1159 2735 latini
1198 2695 1401 2735 sermonis
1443 2707 1517 2735 usu
1554 2706 1604 2735 ac
1642 2693 1892 2747 proprietate
1927 2691 2154 2735 abhorrere
2188 2686 2421 2742 existimet,
2471 2693 2650 2735 adhibeo

240 2777 459 2821 Ciceronis
497 2776 634 2818 locum
671 2773 722 2816 de
760 2773 985 2830 provinciis
1021 2769 1183 2813 consul.
1222 2784 1256 2812 c.
1295 2770 1353 2812 3:
1391 2768 1710 2822 „Quattuor
1746 2777 1868 2810 suut
1906 2770 2271 2825 provinciae,
2308 2783 2446 2827 quas
2482 2769 2651 2813 vobis

240 2856 449 2898 invitis
485 2861 535 2897 et
571 2850 887 2909 oppressis
926 2848 1203 2905 pestiferi
1242 2849 1333 2891 illi
1371 2847 1645 2890 consules
1683 2860 1779 2904 pro
1817 2858 2058 2889 eversae
2095 2847 2461 2905 reipublicae
2498 2860 2651 2905 prae-

240 2934 371 2976 miis
405 2935 863 2988 occupaverunt.

376 3008 460 3052 Sed
496 3021 625 3067 pergo
663 3005 714 3049 ad
752 3006 887 3049 locum
922 3017 1001 3046 uon
1039 3003 1174 3046 solum
1211 3005 1312 3046 satis
1347 3003 1570 3052 difficilem,
1608 3003 1680 3046 sed
1720 3001 1892 3045 eundem
1934 3000 2094 3041 maximi
2127 3004 2329 3049 momenti,
2366 3010 2406 3045 ut
2440 3005 2535 3059 jure
2572 3015 2651 3045 suo

239 3086 526 3131 Mommsenus
563 3099 600 3142 p.
644 3084 703 3126 14
741 3083 851 3132 dicit,
888 3084 957 3126 lat.
991 3082 1022 3125 l.
1059 3083 1120 3125 37
1159 3096 1246 3138 seq.
1288 3080 1418 3122 Huius
1454 3080 1536 3122 loci
1574 3085 1729 3136 graeca
1766 3088 1917 3122 tantum
1962 3086 2070 3121 extat
2107 3081 2412 3137 interpretatio,
2462 3093 2552 3122 nam
2590 3079 2658 3122 la-

238 3164 326 3207 tina
361 3165 523 3221 penitus
569 3162 806 3204 oblitterata
851 3169 944 3203 sunt
989 3168 1153 3216 praeter
1199 3160 1470 3215 principium,
1522 3161 1561 3199 in
1611 3171 1692 3213 quo
1742 3157 1959 3200 consulum
1996 3158 2230 3200 nominibus
2279 3149 2372 3199 anui
2413 3157 2661 3199 indicantur

385 3328 413 3379 ¹)
441 3328 607 3377 Legitur
633 3326 713 3365 ibi:
742 3326 785 3364 si
814 3339 939 3378 quae
969 3320 1209 3380 minore[s
1240 3337 1380 3375 quam
1409 3317 1667 3377 trir]emes
1701 3322 1929 3361 fuerunt.
