2864 3953
1312 133 1317 138 .
1354 111 1440 142 1111

191 243 267 287 fuit
301 254 413 300 pars,
448 253 621 298 quorum
657 239 806 284 nomen
842 240 946 284 satis
979 238 1062 283 late
1097 246 1230 298 patet3
1279 253 1374 284 nam
1402 240 1622 298 quominus
1657 238 2135 284 Marcomanorum
2170 237 2610 297 Sueborumquo

193 320 433 364 restituatur
444 318 663 373 augustiae
691 317 773 362 ioci
793 317 1022 374 prohibent.
1060 316 1366 362 Maroboduum
1385 324 1533 369 autem,
1557 323 1778 374 antequam
1794 327 1932 360 rerum
1955 317 2105 374 potitus
2130 323 2205 368 est,
2240 313 2398 360 Romae
2419 328 2605 360 commo-

192 404 322 441 ratum
362 402 401 440 et
436 395 611 452 Augusti
657 396 838 438 amicitia
872 394 1089 453 gratiaque
1123 407 1241 438 usum
1280 408 1379 439 esse
1413 394 1656 440 testificatur
1688 392 1841 438 Strabo
1885 391 1971 437 Vtt.
2009 394 2129 438 290:
2183 389 2473 450 ἒπέστηγὰρ
2507 395 2604 442 τοῖς

192 471 460 530 πράγμασιν
494 466 624 520 οὗτος
662 468 711 520 ἒξ
746 469 931 515 ἰδιώτου
966 470 1079 527 μετὰ
1116 470 1197 527 τὴν
1230 469 1279 514 ἐκ
1294 465 1466 527 Ῥώμης
1500 468 1750 515 ἒπάνοδον·
1786 458 1885 519 vso}
1911 470 1998 528 γὰρ
2031 466 2083 526 ἦν
2114 468 2286 515 ἒνθοὶδε
2314 473 2388 515 καὶ
2412 468 2603 528 εὐεργε-

191 553 311 593 cervo
359 544 450 592 ὕπὸ
498 546 580 592 τοῦ
621 546 867 603 Σεβαστοῦ,
900 547 1175 593 ἐπανελθών
1208 547 1259 591 δὲ
1291 545 1604 595 ἐδυνάστευσε.
1674 550 1787 595 Sane
1830 548 1982 594 Strabo
2024 548 2123 592 dicit
2160 563 2210 593 ex
2245 551 2404 607 privato
2434 548 2603 593 homine

192 642 335 684 regem
363 627 514 671 factum
551 640 773 684 rerumque
810 628 977 684 potitum
1014 640 1125 677 esse,
1164 626 1319 671 sedvel
1359 629 1421 671 sic
1446 627 1562 672 licuit
1596 630 1785 685 Augostu
1814 628 2117 674 Maroboduum
2154 629 2194 670 in
2220 639 2430 670 numerum
2450 638 2598 682 regum

190 704 362 755 referre,
396 705 464 763 qui
500 703 710 763 supplices
746 703 798 747 ad
832 718 878 747 se
914 703 1198 760 confugerint:
1244 716 1295 747 ac
1320 703 1450 748 nobili
1480 703 1597 747 illum
1641 705 1738 750 ioco
1764 705 1980 751 oriundum
2014 704 2147 748 fuisse
2171 702 2505 759 consentancumi
2522 709 2600 754 est,

186 781 451 838 firmaturque
488 780 640 824 Velleii
681 782 927 824 auctoritate
965 780 1016 833 ΙΙ,
1064 781 1169 831 108,
1212 782 1249 823 1.

324 857 408 901 Sed
442 858 546 900 haec
582 859 744 914 quidem
781 860 822 900 in
858 860 1093 915 praesentia
1129 858 1346 901 sufficiant.
1369 858 1412 915 1)

336 1023 364 1073 ¹)
393 1023 508 1066 Quod
548 1035 674 1073 nuper
710 1023 753 1062 in
791 1023 1025 1064 lectionibus
1064 1023 1283 1062 Valerianis
1320 1024 1460 1072 negavi
1490 1025 1521 1062 Τ
1532 1025 1561 1062 h
1569 1036 1595 1075 y
1604 1036 1625 1062 r
1633 1036 1655 1063 e
1666 1036 1688 1062 a
1697 1025 1735 1062 ti
1744 1037 1771 1062 u
1780 1037 1818 1063 m
1847 1025 2054 1063 ferendum
2081 1036 2169 1063 esse
2178 1054 2187 1072 ,
2227 1023 2392 1075 eiusque
2420 1023 2509 1062 loco
2536 1020 2603 1061 vel

191 1088 223 1125 T
234 1089 262 1125 h
271 1100 298 1140 y
306 1100 325 1126 r
334 1100 355 1125 e
367 1090 450 1126 atu
461 1100 499 1125 m
540 1088 602 1125 vel
638 1088 669 1125 Τ
680 1089 741 1138 hy
750 1099 798 1126 re
809 1099 831 1125 a
839 1091 856 1125 t
866 1100 889 1125 a
898 1100 918 1125 r
927 1100 954 1125 u
962 1100 1001 1125 m
1037 1088 1285 1126 scribendum
1318 1089 1403 1126 dixi
1413 1117 1423 1136 ,
1459 1090 1696 1128 monendum
1721 1092 1784 1127 est
1792 1118 1802 1137 ‚
1840 1101 1890 1126 ne
1920 1088 2007 1140 quis
2034 1092 2138 1127 erret
2146 1118 2156 1136 ,
2194 1089 2268 1127 hoc
2295 1100 2437 1126 nomen
2461 1086 2601 1125 latinis

192 1152 417 1191 hominibus
448 1152 682 1190 inusitatum
718 1166 741 1191 a
769 1152 890 1190 doctis
929 1154 1080 1191 tantum
1118 1152 1327 1204 utriusque
1363 1152 1523 1200 linguae
1555 1151 1775 1190 adhibitum
1803 1165 1890 1191 esse
1906 1167 1913 1191 :
1958 1165 2048 1190 nam
2076 1166 2121 1190 ea
2150 1152 2306 1191 nomina
2314 1180 2324 1199 ‚
2352 1164 2455 1202 quae
2482 1150 2601 1198 vulgo

197 1218 235 1254 et
256 1215 334 1254 iam
364 1216 512 1253 dudum
541 1229 617 1253 usu
644 1219 802 1265 recepta
828 1220 936 1263 sunt,
965 1217 1106 1255 tertiae
1135 1216 1409 1255 declinationis
1464 1216 1593 1265 legem
1621 1217 1730 1254 haud
1761 1220 2033 1266 aspernantur,
2065 1216 2173 1255 velut
2201 1216 2347 1254 Caesar
2380 1227 2461 1254 non
2487 1213 2603 1252 dubi-

194 1279 293 1319 tavit
319 1279 519 1328 vulgarem
547 1279 660 1331 sequi
680 1280 1007 1320 consuetudinem
1037 1282 1086 1320 de
1114 1280 1217 1320 beno
1246 1280 1316 1321 civ.
1345 1281 1417 1319 111.
1450 1279 1499 1319 12
1527 1281 1584 1319 ab
1612 1283 1643 1319 A
1654 1293 1679 1331 p
1690 1293 1712 1320 ο
1723 1280 1926 1320 lloniati
1937 1283 1960 1320 b
1971 1294 2047 1330 us,
2078 1279 2125 1320 13
2154 1280 2204 1319 in
2225 1279 2423 1318 finibus
2453 1280 2520 1329 Ap
2531 1276 2603 1317 ol-

194 1343 415 1396 lgoniatiu
426 1356 476 1393 m,
505 1342 557 1383 25
586 1344 640 1382 ad
671 1344 787 1384 litto
798 1357 849 1384 ra
875 1344 1047 1395 Apollo
1059 1344 1272 1384 niatium
1302 1344 1488 1386 scribens.
1519 1366 1570 1374 —
1599 1346 1700 1383 Item
1730 1346 1836 1398 quod
1863 1346 1905 1384 in
1931 1345 2062 1397 titulos
2073 1344 2195 1384 latino
2222 1344 2327 1395 apud
2353 1342 2603 1384 Boeckhium

194 1409 315 1447 Inscr.
347 1408 412 1447 Gr.
447 1410 479 1449 I.
512 1407 610 1447 1711
644 1412 725 1448 est:
757 1410 789 1448 Ο
803 1413 1035 1460 poentam
1060 1409 1113 1448 in
1144 1410 1284 1458 mari,
1314 1410 1444 1461 quod
1476 1409 1760 1461 Anticyram
1783 1411 1981 1459 vergit.
2007 1442 2015 1450 .
2044 1438 2053 1449 .
2085 1439 2093 1449 .
2125 1423 2231 1449 eam
2267 1422 2379 1448 esse
2408 1421 2497 1448 con
2512 1407 2605 1447 sti-

195 1473 279 1521 tit,
319 1486 443 1524 quae
472 1487 601 1511 nunc
631 1475 688 1511 ab
717 1474 835 1512 aliis
866 1475 1016 1524 Opus,
1055 1475 1112 1513 ab
1140 1474 1260 1512 aliis
1292 1475 1521 1524 Opoenta
1550 1474 1763 1522 dicitur,
1801 1476 2015 1514 tenendum
2051 1477 2114 1514 est
2144 1487 2167 1512 a.
2194 1473 2378 1511 Romanis
2420 1472 2602 1522 Delphos

190 1537 462 1586 navigantibus
494 1539 595 1576 hanc
624 1538 793 1577 nominis
822 1539 984 1577 formam
1010 1539 1266 1589 repetendam
1295 1551 1395 1578 esse.
