2864 3953
1398 221 1446 253 tv

134 365 138 367 ’
214 353 397 410 scripsit.
434 350 464 395 1.
506 351 563 396 15
583 350 747 395 malim:
784 358 1004 403 „externas
1024 358 1185 408 gentes,
1211 351 1362 409 quibus
1382 361 1468 397 tuto
1489 348 2255 414 [parcerelic]ni[t,.co]nseryare,
2290 364 2410 409 quam
2430 352 2633 399 excidere

215 428 386 489 nnlni,“
424 429 492 473 ubi
510 427 568 471 M.
607 430 762 486 potui
801 430 981 486 scripsit,
1017 429 1226 472 nisirorte
1247 437 1457 487 praestat:
1494 431 1668 487 „quibus
1701 429 1784 472 tuto
1807 429 2048 488 [ignosci
2087 426 2386 488 lic-Jui[t],“
2421 442 2513 472 nam
2533 442 2629 474 cum

216 507 339 552 nodo
367 499 848 565 praecesseritsverbum
886 507 1169 565 parcendi.
1205 509 1339 550 minus
1367 508 1581 551 commoda
1620 516 1682 550 est
1719 510 1934 565 repetitio.-
1982 510 2151 564 passiva
2185 515 2318 549 autem
2347 509 2482 550 forma
2505 509 2627 551 etiam

216 581 393 628 Ovidius
435 596 537 626 usus
586 591 650 625 est
684 583 735 626 de
768 591 858 626 arte
893 586 972 626 am.
1011 584 1038 626 Ι.
1080 585 1203 627 219:
1254 583 1429 627 Nocte
1481 585 1660 628 latent
1713 585 1936 627 mendae
1986 586 2250 639 vitioque
2293 585 2629 639 ignoscitur

217 662 372 707 omni.
439 662 584 718 Atque>
608 660 688 704 hoc
717 659 1042 717 supplementum
1080 661 1292 704 confirmat
1327 675 1507 717 graecus
1544 664 1747 718 interpres
1781 657 1848 710 οἷς
1887 658 2088 716 ἀσφαλὲς
2128 655 2178 714 ἦν
2203 659 2467 716 συγγνώμην
2495 658 2633 715 ἔχειν.

217 737 375 784 1118:
407 737 638 797 ,‚univer[si
674 740 789 783 cives
828 739 1168 783 sacrificaverunt
1204 739 1416 798 contiuuo]
1455 739 1560 797 apud
1597 741 1732 783 omnia
1752 734 1984 796 pulvinaria
2004 752 2077 796 pro
2100 738 2334 781 valetudine
2353 746 2483 782 mea.“
2526 739 2627 783 ferri

216 828 299 861 uon
336 823 470 873 potest
505 818 807 868 continuo,
844 817 919 860 sed
952 830 1121 876 saepe
1158 816 1453 868 scribendum,
1489 830 1565 860 uec
1612 824 1745 859 tamen
1784 818 1987 873 interpres
2024 815 2277 873 culpandus,
2327 818 2394 872 qni
2432 814 2626 870 συνεχῶς

218 894 406 951 scripsit,
455 905 547 936 nam
591 893 893 952 glossographi
941 902 1104 938 veteres
1156 891 1350 947 συνεχῶς
1389 897 1704 952 interpretantur
1749 892 2005 942 assidue,
2061 895 2455 942 continuatim,
2507 894 2627 938 fre-

206 957 480 1029 quenter,
527 979 652 1029 atque
690 974 746 1015 ita
782 972 933 1016 Graeci
971 974 1221 1031 scriptores,
1253 973 1364 1016 velut
1396 973 1641 1031 Apollonius
1678 971 1729 1014 de
1776 985 1957 1029 pronom.
1995 986 2029 1028 p.
2064 973 2158 1014 396
2194 971 2266 1014 C.:
2315 974 2387 1013 καὶ
2423 965 2635 1025 Ἀλκμὰν·

219 1044 271 1103 δὴ
306 1044 502 1103 συνεχῶς
538 1047 763 1099 αἰολίζων.
802 1049 870 1094 ubi
909 1052 943 1093 si
973 1051 1066 1107 quis
1102 1046 1273 1104 συχνοῖς
1309 1050 1496 1094 scribere
1532 1049 1662 1094 malit.
1712 1048 1810 1092 nibil
1847 1055 1954 1104 aget,
1989 1061 2076 1092 nam
2116 1048 2235 1092 huius
2270 1051 2446 1094 voculae
2483 1049 2627 1094 eadem

217 1132 281 1171 est
317 1127 583 1184 ambiguitas.
606 1127 650 1182 1)
709 1127 829 1181 Quod
867 1128 1136 1186 subsequitur
1172 1131 1228 1173 ita
1264 1129 1427 1172 videtur
1463 1126 1853 1183 redintegrandum:
1893 1134 1958 1175 ,et
1988 1124 2302 1185 sacrosau[ctns
2340 1134 2379 1170 ut
2410 1141 2544 1171 essem
2577 1128 2630 1171 in

217 1203 632 1264 perpetuum],“
669 1219 851 1262 graecus
890 1207 1094 1264 interpres
1131 1207 1208 1250 hoc
1247 1206 1442 1262 neglexit.
1510 1205 1656 1248 Parum
1694 1205 1858 1259 dignum
1889 1207 2060 1259 Augusti
2085 1205 2284 1247 modestia
2304 1206 2632 1262 supplementum-

217 1277 286 1323 lV.
325 1281 413 1325 50:
450 1295 584 1339 „quae
622 1283 813 1340 spoliatis
850 1282 1033 1341 tem[plis
1074 1283 1221 1343 hostis]
1260 1297 1349 1326 cum
1387 1296 1468 1339 qno
1493 1281 1644 1325 bellum
1675 1294 1890 1335 gesseram
1914 1284 2096 1338 privatim
2122 1282 2406 1339 possederat.‘·
2463 1284 2631 1339 scripsit

216 1359 354 1415 potius
393 1359 562 1409 „ille,
599 1372 689 1402 cum
731 1373 812 1416 quo
848 1361 1002 1414 bellum
1040 1367 1307 1416 gesseram,‘·
1345 1367 1382 1401 et
1417 1361 1572 1415 paritet·
1609 1358 1900 1413 corrigendum
1936 1372 2130 1414 graecum
2179 1359 2405 1416 exemplum
2441 1356 2630 1417 ἒ[κεῖνος

217 1434 334 1490 πρὸς
369 1431 420 1477 ὃν
452 1434 843 1496 &myrei-siju),
878 1439 1070 1493 quamvis
1098 1439 1138 1480 in
1170 1437 1308 1493 lapide
1348 1449 1427 1478 nou
1463 1434 1507 1484 E,
1545 1435 1618 1477 sed
1655 1433 1690 1476 Ο
1725 1437 1788 1476 sit.
1861 1434 1906 1475 V.
1930 1435 2006 1477 34.
2044 1438 2206 1478 omnino
2238 1445 2286 1478 et
2323 1446 2486 1479 antea
2524 1441 2629 1480 scri-

218 1511 419 1563 bendum,
457 1523 498 1557 ut
534 1517 612 1557 iam
650 1516 747 1558 aliis
785 1516 966 1574 placuit,
1003 1529 1159 1571 graeco
1197 1517 1430 1571 interprete,
1480 1513 1547 1569 qui
1580 1515 1651 1554 καὶ
1686 1510 1955 1567 ἔμπροσθεν
1991 1515 2167 1569 scripsit,
2207 1517 2509 1565 consentiente,
2548 1529 2629 1559 non

217 1591 348 1634 item
371 1599 504 1641 antea,
526 1605 770 1650 quamquam
801 1595 930 1636 item
957 1601 1066 1635 extat
1087 1595 1126 1635 in
1158 1593 1236 1635 hoc
1271 1599 1544 1635 monumento.
1582 1589 1725 1646 Neque
1761 1589 1807 1633 V.
1834 1590 1895 1633 50
1922 1589 2210 1634 scribendum:
2246 1591 2315 1633 Ad
2345 1606 2418 1634 me
2450 1607 2509 1636 ex
2550 1592 2630 1636 ln-

220 1665 340 1727 [dia
377 1683 561 1726 regum
600 1671 938 1728 legationes
963 1684 1139 1729 saepe
1176 1672 1383 1714 missae
1421 1676 1570 1719 sunt,
1609 1681 1877 1725 nunquam
1915 1666 2104 1709 adhuc
2142 1667 2364 1727 visaej,
2402 1669 2629 1714 sednun-

219 1759 376 1803 quam
412 1756 600 1801 antea,
635 1749 745 1807 quod
771 1751 892 1792 etiam
914 1762 1070 1805 graeca
1088 1750 1368 1806 interpretatio
1391 1746 1660 1796 commendat,
1693 1746 1760 1788 ubi
1789 1746 1942 1801 legitur
1970 1743 2187 1788 οὐδέποτε
2215 1747 2304 1802 πρὸ
2324 1747 2487 1790 τούτου
2513 1748 2627 1809 [τοῦ]

216 1823 383 1880 χρόνον
411 1821 648 1880 &paeto-aa.
688 1826 783 1869 ltem
804 1838 854 1870 ex
872 1838 1029 1882 graeca
1053 1827 1390 1882 interpretatione
1410 1837 1542 1881 pauca
1559 1822 1760 1878 quaedam
1780 1823 1990 1865 delibabo.
2032 1822 2060 1865 l.
2094 1825 2146 1866 15
2169 1823 2392 1881 κρί[σεσιν
2408 1824 2627 1886 ἐννόμοις]

219 1902 357 1958 potius
390 1916 510 1958 quam
540 1906 757 1959 κρίμασιν
785 1902 1072 1953 scribendum,
1108 1905 1147 1944 in
1183 1904 1236 1944 iis
1269 1915 1374 1957 quae
1396 1908 1486 1957 post
1508 1900 1537 1942 l.
1559 1900 1619 1942 39
1639 1899 1832 1955 leguntur
1855 1902 1927 1941 καὶ
1947 1899 2109 1955 ταύτης
2135 1898 2269 1956 αὐτῆς
2288 1899 2362 1957 τῆς
2381 1900 2515 1958 ἀρχῆς
2534 1913 2629 1962 puto

219 1974 358 2031 αὐτῆς
397 1993 448 2021 ex
486 1995 615 2037 prono
652 1995 871 2038 operarum
911 1994 1057 2022 errore
1091 1994 1187 2022 esse
1224 1986 1378 2026 ortum,
1425 1992 1513 2020 cum
1548 1972 1608 2019 αὖ
1639 1977 1762 2020 incidi
1801 1980 2073 2033 oportuisset,
2126 1980 2316 2023 similiter
2353 1980 2418 2023 lV.
2457 1983 2518 2024 33
2565 1979 2630 2030 δὶς

219 2052 474 2115 ‹Qum-<Spq
520 2056 652 2116 τ[ὦ]ν
700 2056 996 2110 πανταχόθεν
1041 2056 1462 2110 μεταμεμφθέντων
1510 2054 1670 2096 videtur
1716 2054 1918 2098 articulus
1963 2052 2053 2097 τῶν
2100 2055 2315 2099 delendus.
2389 2057 2436 2100 V.
2488 2061 2516 2102 2
2567 2055 2637 2116 [ἒν

219 2133 498 2192 σαρατ]ἅξει
533 2135 849 2190 corrigendum,
900 2137 925 2179 i.
963 2149 998 2179 e.
1034 2136 1085 2179 in
1123 2136 1267 2185 acie,
1314 2146 1394 2177 non
1442 2128 1491 2174 ἐν
1525 2130 1662 2181 τάξει.
1724 2129 1770 2177 V.
1810 2133 1885 2175 39.
1927 2132 2060 2176 malim
2097 2135 2262 2189 σημέας
2301 2136 2630 2190 στρατιωτικὰς

223 2209 535 2272 [πλείους]
574 2227 695 2270 quam
732 2211 918 2261 πολλάς.

354 2289 439 2335 Sed
477 2292 555 2335 iam
592 2293 791 2347 graviora
826 2290 1067 2348 aggredior.
1103 2288 1248 2332 Statim
1289 2289 1328 2331 in
1377 2287 1599 2346 primordio
1639 2287 1706 2331 lat.
1745 2287 1772 2330 l.
1811 2289 1838 2331 5
1878 2302 1983 2345 quae
2022 2289 2234 2345 leguntur,
2284 2290 2500 2336 offensioni
2538 2300 2631 2338 sunt

220 2368 426 2414 obnoxia:
2513 2414 2517 2417 ,

637 2444 876 2503 Eodemque
920 2453 1103 2503 tempore
1143 2445 1373 2502 imp]erium
1413 2444 1505 2487 mihi
1545 2444 1667 2487 dedit.
1737 2442 1819 2485 Res
1858 2444 2044 2500 publica,
2092 2443 2162 2502 n[e
2200 2445 2293 2501 quid
2331 2434 2630 2497 accidet-esta

637 2531 784 2566 senatu
822 2522 935 2582 mihi]
974 2538 1046 2581 pro
1076 2532 1266 2581 praetore
1297 2522 1416 2566 simut
1455 2537 1544 2565 cum
1582 2522 1825 2565 consulibus
1863 2520 2068 2579 [t]r[adita
2104 2531 2165 2566 est
2200 2524 2364 2568 tuenda.

221 2600 283 2643 lta
317 2600 603 2643 Mommsenus
637 2600 743 2641 hunc
779 2600 914 2642 locum
951 2604 1182 2649 constituit,
1229 2609 1396 2643 secutus
1428 2582 1811 2656 ⁴interpretationem
1852 2613 2069 2653 graecam.
2106 2602 2442 2656 quemadmodum
2473 2602 2630 2657 ‘Kirch-

218 2675 369 2721 hoistus
408 2669 704 2721 conformavit:
751 2676 949 2720 sollerter
989 2684 1202 2734 utrumque
1228 2679 1412 2720 criticum
1464 2690 1539 2719 suo
1584 2678 1752 2732 negotio
1786 2677 1964 2719 sunctum
2003 2690 2098 2719 esse
2136 2677 2240 2720 haud
2277 2678 2450 2723 infitior(
2495 2692 2629 2735 neque

219 2761 356 2798 tamen
386 2753 490 2797 haec
520 2752 805 2805 satisfaciunt:
844 2755 1023 2811 propriis
1060 2756 1165 2797 enim
1205 2754 1342 2797 verbis
1363 2754 1439 2796 hac
1476 2756 1514 2795 in
1552 2767 1596 2796 re
1630 2767 1745 2796 usum
1788 2767 1884 2796 esse
1921 2736 2145 2809 Augustum
2183 2764 2500 2798 consentaneum
2540 2764 2631 2800 est:

217 2831 348 2876 verba
385 2831 513 2875 latina
548 2832 656 2873 sicut
692 2829 758 2873 hic
794 2830 989 2888 leguntur
1025 2839 1229 2876 oratorem
1268 2831 1439 2881 decent,
1487 2845 1511 2874 a
1547 2831 1714 2889 publico
1751 2839 2010 2875 monumento
2046 2832 2279 2875 abhorrent.
2335 2832 2629 2890 Supplementa

362 3053 398 3102 ¹)
427 3053 571 3092 Mirum
592 3054 760 3092 fortasse
778 3053 988 3100 videbitur,
1017 3054 1124 3104 quod
1142 3066 1305 3102 graecus
1326 3054 1521 3103 interpres
1536 3049 1768 3103 σύμπαντες
1799 3050 1834 3092 οἱ
1861 3054 2039 3091 πολεῖται
2067 3049 2343 3104 ὄμοθυμαδὸν
2358 3055 2525 3104 scripsit,
2557 3054 2627 3092 ubi

217 3116 386 3158 latinum
413 3117 638 3168 exemplum
657 3115 763 3157 nihil
777 3117 855 3155 nisi
885 3117 1111 3156 universi
1140 3118 1280 3157 cives
1310 3118 1549 3169 suppeditat,
1578 3119 1647 3157 sed
1667 3118 1819 3157 addidit
1837 3119 1911 3157 hoc
1941 3118 1989 3156 de
2020 3131 2102 3165 suo,
2129 3119 2452 3170 quemadmodum
2483 3120 2631 3169 glosso-

218 3181 361 3233 graphi
387 3179 541 3221 veteres
569 3177 850 3231 ὁμοθυμαδὸν
879 3181 1209 3231 interpretantur:
1249 3181 1488 3229 universi,
1517 3194 1631 3229 una,
1669 3182 1885 3232 pariter,
1926 3183 2192 3230 gregatim,
2228 3183 2384 3224 simul.
2445 3185 2628 3223 Vicissim

218 3256 385 3296 graecus
409 3244 607 3296 interpres
621 3245 769 3295 passim
789 3245 966 3293 neglexit
994 3258 1095 3297 quae
1110 3258 1187 3283 non
1211 3249 1323 3283 erant
1339 3247 1696 3296 praetermittenda,
1725 3247 1833 3284 velut
1861 3248 1913 3284 II.
1936 3246 1961 3283 2
1989 3247 2125 3283 verba:
2157 3247 2314 3297 [iuxta
2341 3250 2455 3300 aeJd
2467 3262 2516 3286 es
2531 3251 2628 3286 Ho-

217 3309 359 3349 noris
389 3314 441 3349 et
468 3309 699 3347 Virtutis
725 3309 768 3346 in
796 3322 936 3357 graeco
962 3310 1142 3359 exemplo
1171 3310 1288 3359 plane
1318 3312 1612 3360 desiderantum
1640 3312 1696 3348 ita
1724 3313 1789 3357 fit,
1820 3316 1866 3349 ut
1893 3312 2012 3348 etiam
2041 3312 2250 3350 latinorum
2276 3315 2480 3351 verborum
2506 3313 2631 3351 resti-

215 3375 320 3415 tutio
347 3375 402 3415 sit
423 3375 585 3421 incerta,
613 3387 704 3413 nam
725 3373 955 3413 Mommseni
983 3374 1255 3425 supplementa
1282 3388 1359 3414 non
1388 3375 1603 3415 sufficiunt.
