2864 3953
1445 124 1471 152 Χ

648 243 811 290 Africa·
848 241 1021 291 Sicilia,
1052 244 1261 290 Sardinia·
1350 252 1429 305 Qui
1464 251 1563 310 [tum
1605 254 1844 294 iuraverunt
1874 247 1933 306 in]
1969 250 2109 291 eadem
2147 248 2294 295 verba,
2343 245 2507 287 fuerunt
2543 259 2688 300 sena-¹

651 327 764 361 tores
801 319 943 376 plures
980 335 1099 377 quam
1140 323 1256 374 DCC,
1312 330 1351 370 in
1390 328 1463 387 i[is
1500 329 1698 378 homines,
1751 329 1819 384 qui
1870 325 2035 384 poste]a
2086 324 2286 368 consules
2322 323 2421 378 facti
2469 331 2562 364 sunt
2611 322 2662 375 ad

646 410 736 438 eum
775 396 895 443 diem,
935 412 1017 454 quo
1056 404 1209 459 scripta
1248 404 1360 462 su[nt
1395 408 1495 450 haec
1534 438 1826 453 .......
1863 407 1930 460 qui
1959 400 2195 461 praetores]
2232 402 2399 444 circiter
2431 398 2595 442 CLXX.

243 473 574 519 Novissimorum
607 476 811 518 restitutio
842 477 1013 526 incerta,
1049 481 1382 538 quandoquidem
1419 497 1577 540 graeca
1610 484 1891 541 interpretatio
1929 481 2034 524 adeo
2064 487 2126 523 est
2152 479 2402 524 oblitterata,
2438 485 2478 520 ut
2506 489 2665 534 paucae

243 552 404 596 litterae
441 555 686 611 superstites
709 552 810 596 nulli
845 555 923 596 sint
946 558 1051 598 usui.
1115 556 1199 600 Sed
1239 562 1347 617 quod
1389 562 1695 605 Mommsenus:
1744 563 1834 617 qui
1874 569 1976 603 tum
2014 561 2346 602 iuraverunt
2385 558 2436 598 in
2475 553 2660 597 eadem

241 631 413 674 verba
449 633 642 688 scri-psit,
700 632 888 674 eadem
934 635 1043 690 quod
1085 650 1210 693 supra
1251 648 1411 696 aptum,
1467 640 1532 682 ubi
1588 642 1655 697 qui
1705 648 1868 696 praeter
1905 637 2073 680 ltalicos
2111 636 2282 679 Caesari
2316 634 2434 677 fidem
2474 632 2663 675 dederint

243 717 527 757 recensentur,
565 709 631 751 hic
669 711 994 761 incommodum,
1045 714 1112 755 ubi
1153 730 1231 758 nou
1270 716 1308 759 fit
1345 720 1552 766 accessio,
1602 718 1674 759 sed
1714 716 1981 773 explanatur:
2037 727 2171 770 neque
2206 712 2281 754 illa
2317 712 2442 753 lectio
2481 710 2662 752 auetori-

242 792 323 827 tate
360 785 571 843 locuplete
606 789 781 832 mimita.
837 801 927 829 nam
967 790 1085 832 solus
1123 792 1462 842 Mordtmannus,
1510 797 1576 850 qui
1609 794 1674 835 hic
1709 793 1925 834 manifesto
1963 790 2137 847 Zumptii
2172 788 2455 846 supplementa
2492 793 2661 828 secutus

240 870 324 909 est,
368 862 533 905 exhibet
564 862 753 906 EADEM
794 863 969 908 VERBA
1010 899 1018 907 .
1057 900 1066 908 .
1106 902 1113 910 .
1153 869 1374 913 VERVNT
1409 869 1757 918 SENATORES,
1810 877 1849 911 at
1886 868 2073 911 Perottus
2112 867 2231 909 homo
2268 868 2462 907 curiosus
2505 871 2544 905 et
2582 862 2661 904 fide

240 932 417 994 diguus:
466 938 674 982 VERlNT
711 939 967 984 FVERVNT
1005 943 1346 995 SENATORES,
1384 949 1509 1002 igitur
1533 946 1638 989 haud
1677 946 1800 988 dubie
1830 945 2116 987 scribendum:
2173 944 2262 999 qui
2303 940 2429 998 [tum
2458 942 2508 982 iu
2546 952 2660 982 mea

240 1015 414 1058 verba
470 1016 852 1075 iura]verunt.
922 1019 1078 1063 Deinde
1130 1022 1375 1065 Mommseni
1429 1024 1752 1081 supplementum
1791 1023 2043 1064 homines
2082 1023 2164 1077 qui
2201 1019 2343 1064 futile.
2381 1031 2514 1074 neque
2552 1019 2656 1058 enim

240 1092 371 1135 latina
406 1094 509 1135 baec
549 1097 696 1142 oratio,
735 1095 807 1135 sed
840 1099 975 1151 potius
1008 1097 1224 1140 dicendum
1254 1109 1367 1141 erat:
1424 1114 1483 1141 ex
1523 1103 1595 1141 iis
1635 1109 1830 1156 postea
1869 1098 2138 1140 consules
2174 1098 2314 1138 sacti
2343 1103 2494 1151 sunt,
2524 1107 2657 1148 neque

238 1174 507 1214 successisse
542 1172 624 1214 loci
664 1172 988 1216 emendationem
1031 1176 1177 1219 editori
1217 1178 1281 1219 vel
1322 1177 1455 1219 hiatus
1497 1179 1633 1230 arguit
1666 1177 1806 1219 ultimo
1842 1190 1988 1223 versu,
2037 1189 2154 1230 quem
2187 1189 2267 1216 non
2320 1174 2447 1229 potuit
2483 1172 2534 1213 de
2573 1184 2665 1229 me·-

239 1247 309 1290 dio
331 1249 495 1291 tollere.
568 1248 775 1291 Summam
815 1258 947 1292 tamen
986 1253 1213 1309 institutae,
1235 1257 1462 1296 sententiae
1497 1254 1562 1296 hic
1600 1268 1764 1310 quoque
1790 1255 2001 1308 sagaciter
2018 1261 2237 1294 assecutus
2265 1259 2342 1299 est,
2376 1258 2498 1305 atque
2523 1249 2655 1288 veris-

240 1327 344 1368 sime
382 1325 480 1368 vidit
520 1327 767 1369 vocabulum
806 1342 828 1384 p
847 1326 1106 1372 raetores
1146 1333 1410 1388 interceptum
1449 1345 1557 1373 esse.
1633 1330 1868 1373 lnchoatam
1908 1333 2033 1386 igitur
2069 1329 2395 1372 emendationem
2431 1324 2656 1368 absolvere

239 1404 429 1446 conabor
464 1404 710 1446 scribendo:

644 1482 857 1539 Qui[tum
898 1486 949 1526 in
993 1499 1102 1527 mea
1138 1487 1313 1528 verba
1351 1486 1672 1544 iura]verunt,
1727 1486 1889 1528 suerunt
1929 1493 2147 1527 senatores
2184 1483 2326 1540 plures
2378 1494 2498 1535 quam
2538 1478 2654 1528 DCC,

644 1560 684 1601 in
724 1558 801 1619 i[is
831 1561 1171 1605 consulares
1213 1596 1222 1605 .
1265 1599 1272 1605 .
1313 1599 1320 1606 .
1360 1599 1366 1613 ‚
1406 1562 1626 1622 poste]a
1664 1563 1862 1606 consules
1912 1564 2007 1605 facti
2047 1569 2139 1603 sunt
2175 1559 2226 1601 ad
2265 1572 2354 1601 eum
2391 1556 2522 1605 diem,
2573 1568 2653 1611 quo

641 1640 797 1695 scripta
833 1636 943 1696 su[nt
974 1639 1131 1689 haec,
1170 1643 1413 1684 circiter
1439 1674 1473 1689 .,
1514 1638 1829 1698 praetores]
1867 1641 2034 1683 circite-r
2069 1636 2234 1680 CLXX.

238 1716 453 1769 Augustus
488 1715 615 1768 igitur
651 1717 820 1771 primum
859 1715 1035 1763 indicat,
1086 1718 1125 1759 in
1164 1719 1452 1767 senatoribus,
1507 1721 1574 1774 qui
1613 1732 1712 1761 suas
1750 1727 1887 1775 partes
1927 1718 2058 1760 secuti
2097 1717 2201 1762 sint,
2253 1721 2351 1770 quot
2389 1712 2540 1754 suerint
2576 1710 2652 1751 viri

239 1791 506 1841 consulares,
543 1798 623 1834 tum
660 1800 794 1834 autem
829 1801 1046 1848 praeterea
1082 1795 1205 1842 addit,
1243 1804 1339 1853 quot
1375 1809 1422 1837 ex
1460 1795 1603 1838 iisdem
1644 1796 1907 1837 senatoribus
1941 1802 2084 1852 postea
2116 1792 2166 1834 ad
2191 1790 2454 1834 consularem
2479 1795 2515 1829 et
2537 1799 2655 1844 prae-

238 1871 386 1912 toriam
428 1868 667 1925 dignitatem
709 1873 839 1912 evecti
880 1873 973 1912 sint.
1045 1872 1249 1915 Numeros
1288 1876 1509 1916 restituere
1546 1875 1731 1928 quamvis
1771 1875 2029 1915 temerarium
2068 1873 2133 1920 sit,
2165 1879 2296 1911 tamen
2335 1864 2655 1922 consilesl'or-

238 1953 353 1989 tasse
389 1945 544 2003 aliquis
584 1945 615 1989 C
651 1946 786 1989 fuisse
818 1950 1067 2007 suspicetur,
1104 1950 1433 2007 quandoquidem
1474 1964 1554 1993 una
1593 1958 1743 1993 tantum
1778 1950 1914 1993 littera
1950 1948 2183 1992 desiderari
2220 1946 2393 1991 videtur,
2432 1956 2505 1986 rec
2534 1942 2654 1984 nimis

238 2037 416 2078 maguus
454 2024 519 2065 hic
557 2038 775 2073 numerus;
816 2039 906 2068 nam
947 2035 1269 2070 cousentaneum
1307 2037 1367 2070 est
1392 2030 1619 2083 Augustum
1658 2029 1695 2069 in
1734 2027 1928 2070 creandis
1952 2024 2197 2069 consulibus
2228 2036 2367 2065 eorum
2396 2021 2651 2077 potissimum

239 2102 439 2144 rationem
477 2100 689 2148 hahuisse,
720 2104 787 2158 qui
827 2111 921 2145 tunc
954 2112 1169 2146 senatores
1207 2104 1322 2147 fidem
1359 2092 1646 2163 probaverant.

374 2177 457 2221 Sed
495 2186 662 2222 transeo
700 2180 750 2221 ad
789 2180 923 2223 locum
962 2183 1064 2224 satis
1101 2182 1309 2225 difficilem
1348 2197 1396 2226 ac
1435 2183 1701 2225 dubitationis
1738 2182 1912 2238 plenum,
1947 2181 2016 2223 lat.
2054 2180 2101 2223 V.
2141 2181 2224 2224 10:

645 2257 809 2299 Gallias
847 2266 882 2300 et
923 2257 1145 2315 Hispanias
1183 2259 1441 2318 provincia[s
1475 2260 1526 2302 ab
1565 2274 1613 2302 ea
1652 2268 1779 2317 parte,
1817 2272 1898 2314 qua
1934 2272 2006 2300 eas
2049 2255 2184 2315 allui]t
2232 2269 2428 2303 oceanus,
2477 2252 2534 2312 [a]
2571 2253 2654 2296 Ga-

643 2334 764 2376 dibus
799 2335 850 2376 ad
886 2337 1033 2377 ostium
1073 2337 1189 2378 Albis
1227 2335 1421 2395 flun=[inis
1461 2334 1637 2395 pacavi]

239 2425 331 2455 nam
365 2414 405 2454 in
443 2425 600 2467 graeca
638 2413 887 2469 metaphrasi
926 2427 1005 2455 non
1045 2416 1175 2456 minus
1209 2416 1391 2457 mutilata
1430 2415 1529 2456 nihil
1563 2416 1651 2456 tere
1679 2422 1739 2455 est
1760 2413 1951 2455 subsidii.
2023 2412 2137 2454 Haec
2158 2420 2290 2454 autem
2312 2414 2554 2466 Augustum.
2583 2412 2651 2466 qui

240 2502 266 2532 a
303 2491 483 2531 vanitate
523 2491 689 2531 omnino
727 2489 891 2532 alienus
932 2491 1019 2539 suit,
1051 2493 1274 2547 scripsisse
1311 2505 1442 2545 nego:
1502 2505 1636 2548 neque
1673 2493 1776 2532 enim
1811 2504 1910 2532 vere
1949 2498 2105 2547 poterat
2142 2489 2236 2537 diei,
2275 2487 2452 2530 Galliam
2490 2489 2653 2544 provin-

240 2568 345 2608 ciam
380 2567 585 2620 pertinere
624 2580 755 2621 usque
794 2567 843 2608 ad
869 2568 985 2609 Albis
1023 2569 1194 2610 ostium:
1249 2582 1297 2609 ac
1335 2577 1549 2625 praeterea
1588 2579 1681 2610 tuuc
1719 2570 1852 2624 potius
1886 2570 2053 2609 inverso
2086 2567 2230 2608 ordine
2263 2565 2478 2607 dicendum
2506 2565 2654 2607 suisset

165 2688 174 2697 U
241 2642 586 2699 „Hispanias
626 2651 673 2683 et
711 2642 941 2685 Gallias
983 2679 991 2686 .
1030 2678 1037 2685 .
1078 2678 1086 2686 .
1125 2659 1148 2686 a
1186 2645 1373 2686 Gadibus
1413 2645 1462 2686 ad
1503 2648 1650 2686 ostium
1690 2645 1806 2685 Albis
1844 2644 2019 2685 fluminis
2061 2645 2245 2699 pacavi.·⁸
2314 2645 2348 2683 si
2385 2642 2487 2683 haec
2523 2642 2652 2682 verba

238 2729 355 2764 arcta
395 2724 646 2763 necessitate
683 2724 903 2764 coniuncta
932 2732 1096 2766 essent:
1144 2737 1250 2765 nunc
1289 2723 1326 2764 id
1361 2725 1490 2779 ipsum
1523 2724 1675 2765 indicio
1708 2731 1782 2764 est.
1821 2736 1899 2764 uon
1929 2729 2162 2777 perpetuum
2186 2735 2282 2762 esse
2309 2720 2514 2761 sermonis
2535 2727 2652 2761 teno-

240 2811 349 2846 rem,
400 2796 475 2840 sed
513 2799 594 2841 duo
633 2801 840 2841 enuntiata
878 2802 1098 2858 separatim
1137 2800 1268 2843 fuisse
1309 2801 1455 2857 posita.
1527 2797 1698 2841 Tentat-i
1726 2806 1897 2855 possunt
1934 2797 2063 2855 plura,
2100 2796 2173 2839 sed
2213 2798 2385 2839 maxime
2423 2794 2651 2853 probabilis

240 2874 403 2916 videtur
431 2875 534 2917 baec
572 2878 799 2917 restitutio:

642 2953 806 2996 Gallias
845 2962 883 2997 et
904 2953 1130 3011 Hispanias
1167 2953 1420 3012 provin‹:ia[s
1460 2956 1683 3010 penitus
1726 2954 1950 3009 pacavi‚
1991 2960 2037 2994 et
2076 2952 2302 2995 ultimus
2341 2948 2420 3008 es]t
2456 2949 2651 2993 Oceanus

644 3044 668 3073 a
704 3030 890 3074 Gadibus
925 3031 975 3074 ad
1013 3034 1160 3075 ostium
1200 3031 1316 3075 Albis
1355 3029 1592 3090 ssum[iuis
1631 3027 1913 3088 domitus]

238 3120 347 3163 quae
391 3120 482 3148 cum
520 3121 656 3148 rerum
693 3117 903 3163 gestarum
942 3112 1113 3152 veritate
1151 3113 1423 3153 conveniunt:
1479 3109 1643 3151 Gallias
1688 3111 1793 3149 enim
1844 3110 2103 3166 praeposuit,
2150 3109 2347 3163 ‚qnoniam
2384 3106 2449 3147 hic
2488 3119 2652 3161 quoque

238 3181 465 3230 temporum
504 3174 703 3218 rationem
743 3177 940 3230 sequitur.
1011 3173 1248 3218 Ultimus
1296 3175 1452 3225 addidi,
1496 3176 1687 3231 quoniam
1727 3174 1765 3215 id
1803 3187 1959 3229 graeca
1997 3173 2267 3231 metaphrasis
2305 3172 2466 3214 videtur
2505 3185 2650 3228 suppe-

237 3248 384 3298 ditare,
422 3263 512 3292 nam
551 3252 590 3292 in
628 3251 767 3293 verbis
806 3253 1181 3299 ΧΑΘΩΣΩΚΕΛ,
1219 3266 1325 3308 quae
1364 3252 1435 3294 alii
1474 3252 1596 3294 aliter
1632 3259 1899 3301 tentaverunt,
1936 3251 2042 3294 haud
2074 3251 2197 3293 dubie
2235 3247 2421 3303 ἔσχατος
2447 3245 2651 3296 Ὠκεανὸς
